1966 2974
473 181 632 253 1321
681 186 742 257 A
790 188 842 258 L
894 192 955 251 o
1012 189 1075 253 <3
1125 190 1252 258 is
1291 190 1400 289 M
1435 197 1487 262 v
1543 193 1725 264 ssa-2

244 370 334 484 B
355 370 401 438 Α
419 366 469 436 C
485 359 535 416 C
551 358 608 415 H
622 359 666 415 E
705 372 876 430 pater,
894 356 1013 429 quis
1035 372 1085 411 te
1102 358 1318 412 mortali
1334 359 1538 416 lumine
1552 363 1740 424 nouit,

413 438 483 497 Et
497 432 658 493 doeca
674 429 883 488 effinxit
899 431 1019 502 quis
1039 445 1129 484 tua
1147 432 1393 504 membra
1414 444 1606 489 manu?
1817 445 1823 449 ·

240 515 531 575 Praxiteles
550 545 566 569 ‚
583 506 680 578 qui
695 524 782 560 me
799 504 1099 577 rapientem
1112 504 1376 560 Gnossida
1394 507 1566 567 vidit,

388 590 573 658 Atque
586 581 681 635 illo
696 577 870 651 pinxit
885 592 1130 649 tempore
1148 614 1166 637 ‚
1183 579 1355 646 qualis
1370 598 1514 634 eram
1531 620 1545 634 .

246 664 364 721 Cur
378 657 590 717 iuuenis
608 689 625 715 ‚
641 649 885 720 tenerac'13
904 651 1068 718 etiam
1087 653 1343 724 lanugine
1358 669 1549 720 vernat

391 734 562 792 Barba
577 764 593 789 ,
610 743 778 799 queas
794 724 1003 796 Pylium
1019 718 1141 777 cum
1159 725 1401 797 superare
1416 716 1620 782 senem?

247 808 569 869 Muneribus
586 800 921 872 quandoque
946 797 1078 850 meis
1096 799 1131 852 fi
1143 815 1360 868 ¹parcere
1375 799 1539 855 disces
1552 836 1570 861 ‚

395 881 582 938 Iunior
598 912 615 936 ‚
634 874 691 929 δε
706 873 834 929 forti
851 869 1065 943 pestore
1079 869 1284 942 semper
1297 872 1397 926 eris
1418 911 1431 925 .
1473 916 1477 924 .
1781 932 1784 934 ¹
1803 911 1808 921 ,

248 959 538 1030 Tympana
550 966 663 1005 non
678 945 929 1001 manibus
945 979 963 1005 ‚
979 943 1141 1015 capiti
1157 940 1269 998 non
1287 963 1489 999 cornua
1504 945 1696 1002 desunt
1714 962 1728 998 ε

394 1033 548 1104 Qs
566 1023 662 1079 nifi
676 1017 978 1075 dementeis
996 1017 1122 1071 talia
1138 1018 1284 1089 figna
1299 1019 1518 1073 decent?

252 1110 376 1165 Hoc
390 1108 561 1160 doceo
574 1134 591 1159 ,
609 1095 790 1150 nostro
806 1091 957 1163 qubd
973 1090 1162 1144 abusus
1191 1109 1414 1145 munere
1431 1091 1592 1145 sumit

398 1178 624 1234 Cornua
640 1206 657 1230 ‚
677 1170 733 1221 ὃ(
749 1166 961 1236 insanus
977 1164 1164 1218 mollia
1180 1165 1320 1230 fistra
1337 1164 1517 1235 quatit
1530 1203 1544 1217 .

254 1253 408 1327 Qid
424 1251 541 1304 vult
554 1246 643 1299 ille
658 1242 805 1295 color
821 1237 1076 1291 membris
1094 1234 1229 1308 pene
1246 1239 1433 1308 igneus
1456 1247 1473 1290 ?
1492 1255 1657 1293 omen

400 1322 553 1379 Absit
568 1354 585 1378 ‚
603 1333 671 1369 an
689 1310 941 1368 humanis
957 1310 1118 1363 vreris
1131 1310 1237 1381 ipse
1254 1311 1383 1364 focis
1407 1320 1424 1362 ?

256 1400 401 1459 Cum
419 1393 659 1452 Semeles
676 1388 745 1441 de
764 1398 952 1440 ventre
969 1400 1161 1453 parens
1180 1399 1267 1436 me
1285 1385 1515 1437 fulmine
1537 1384 1692 1438 traxit

404 1468 700 1543 Igniuomo
714 1497 732 1520 ‚
749 1454 1013 1513 infestum
1033 1458 1255 1526 puluere
1286 1456 1469 1510 mersit
1499 1456 1652 1524 aquis
1690 1458 1716 1464 ’

262 1548 410 1605 Hinc
425 1542 558 1613 sapit
573 1537 660 1594 hic
675 1570 690 1594 ,
708 1532 932 1604 liquidis
950 1530 1161 1594 quinos
1177 1529 1314 1583 bene
1330 1530 1492 1583 diluit
1507 1529 1694 1583 vndis:

294 1655 297 1659 ,
415 1614 533 1689 Qi
546 1627 656 1663 non
672 1643 688 1667 ,
710 1605 925 1660 ardenti
944 1619 1110 1656 torret
1126 1604 1192 1655 ab
1211 1602 1336 1674 igne
1351 1603 1496 1656 iecur
1512 1641 1524 1653 .
1691 1596 1694 1603 ³

265 1694 373 1753 Sed
387 1704 531 1746 nunc
547 1696 635 1737 me·
652 1681 844 1734 doceas
862 1714 880 1737 ,
899 1674 993 1743 qui
1011 1676 1087 1728 vis
1103 1674 1367 1729 miscerier
1387 1685 1404 1727 ἒ
1429 1677 1484 1729 &
1500 1693 1609 1747 qua

414 1763 497 1820 Te
517 1758 670 1825 sanus
688 1769 743 1805 tu
753 1767 867 1803 tum
885 1750 1145 1821 prendere
1174 1749 1290 1819 lege
1308 1758 1496 1820 queat?
1532 1743 1535 1746 ’

272 1839 653 1913 Qadrantem
669 1826 838 1879 addat
853 1839 1002 1888 aquae
1018 1857 1033 1881 ‚
1050 1822 1267 1875 calicem
1287 1817 1549 1892 sumpsisse
1566 1823 1754 1878 falerni

482 1905 536 1971 ui
550 1901 702 1972 cupit
716 1934 731 1958 ,
749 1899 852 1951 hoc
870 1895 1005 1949 sumi
1022 1897 1211 1967 pocula
1228 1912 1378 1949 more
1393 1896 1546 1948 iuuat

274 1991 390 2046 Stet
407 1972 810 2047 ints'ra'heminas
828 1985 841 2018 t
860 1986 988 2023 nam
1006 1969 1099 2035 qui
1119 1969 1405 2037 procedere
1424 1968 1598 2022 tendit

422 2050 577 2111 Vltra
593 2085 610 2109 ,
628 2049 800 2101 alacer
817 2079 832 2102 ,
847 2042 936 2114 [βό
954 2059 1078 2094 mox
1098 2042 1273 2096 ebrius
1290 2078 1304 2099 ,
1326 2042 1452 2095 inde
1468 2041 1617 2096 furit.

280 2137 392 2197 Res
410 2130 543 2184 dura
560 2126 667 2178 haec
683 2117 912 2183 nimium
931 2151 946 2172 ‚
967 2115 1088 2167 sunt
1104 2115 1340 2185 pendula
1371 2129 1590 2184 guttura
1608 2153 1623 2176 ‚
1643 2116 1800 2172 dulce*-

423 2203 514 2259 Tu
530 2197 650 2252 fluis
667 2233 679 2245 .
696 2194 806 2248 heu
822 2184 975 2245 facile
990 2188 1281 2241 commoda
1296 2190 1445 2256 nulla
1460 2188 1555 2241 cad
1564 2191 1688 2242 unt?
1858 2188 1862 2192 *
